<record><leader>01201cam a2200289 a 4500</leader><controlfield tag="001">1395151</controlfield><controlfield tag="008">910815s1985    xxc               0 eng c</controlfield><datafield ind1=" " ind2=" " tag="035"><subfield code="a">ocm70350025</subfield></datafield><datafield ind1=" " ind2=" " tag="040"><subfield code="b">eng</subfield></datafield><datafield ind1=" " ind2=" " tag="043"><subfield code="a">n-cn-nt</subfield></datafield><datafield ind1=" " ind2=" " tag="049"><subfield code="a">AEU</subfield><subfield code="b">eng</subfield></datafield><datafield ind1=" " ind2="3" tag="055"><subfield code="a">SK 471 N</subfield></datafield><datafield ind1=" " ind2=" " tag="080"><subfield code="a">502.7:(*41N) DMNS</subfield></datafield><datafield ind1=" " ind2=" " tag="090"><subfield code="a">SK 471 N6 D392 1985</subfield><subfield code="b">AEU</subfield></datafield><datafield ind1="2" ind2=" " tag="110"><subfield code="a">Dene/Metis Negotiations Secretariat.</subfield></datafield><datafield ind1="1" ind2="0" tag="245"><subfield code="a">Summary of the Dene/Metis wildlife agreement /</subfield><subfield code="c">Dene-Metis Negotiations Secretariat.</subfield></datafield><datafield ind1=" " ind2=" " tag="260"><subfield code="a">[S.l.] :</subfield><subfield code="b">Dene-Metis Negotiations Secretariat,</subfield><subfield code="c">1985.</subfield></datafield><datafield ind1=" " ind2=" " tag="300"><subfield code="a">11 leaves ;</subfield><subfield code="c">28 cm.</subfield></datafield><datafield ind1=" " ind2=" " tag="336"><subfield code="a">text</subfield><subfield code="b">txt</subfield><subfield code="2">rdacontent</subfield></datafield><datafield ind1=" " ind2=" " tag="337"><subfield code="a">unmediated</subfield><subfield code="b">n</subfield><subfield code="2">rdamedia</subfield></datafield><datafield ind1=" " ind2=" " tag="338"><subfield code="a">volume</subfield><subfield code="b">nc</subfield><subfield code="2">rdacarrier</subfield></datafield><datafield ind1=" " ind2=" " tag="500"><subfield code="a">Title from cover.</subfield></datafield><datafield ind1=" " ind2=" " tag="520"><subfield code="a">This agreement covers rights of Dene and Metis in the Yukon and Northwest Territories in relation to harvesting and commercial opportunities and management of wildlife, including muskox, bison and caribou herds.</subfield></datafield><datafield ind1=" " ind2=" " tag="596"><subfield code="a">48</subfield></datafield><datafield ind1=" " ind2="0" tag="650"><subfield code="a">Wildlife management</subfield><subfield code="z">Northwest Territories.</subfield></datafield><datafield ind1=" " ind2="0" tag="650"><subfield code="a">Wildlife management</subfield><subfield code="z">Yukon Territory.</subfield></datafield><datafield ind1=" " ind2=" " tag="926"><subfield code="a">SK 471 N6 D392 1985</subfield><subfield code="w">LC</subfield><subfield code="c">1</subfield><subfield code="i">000037373677</subfield><subfield code="d">11/2/2006</subfield><subfield code="e">10/20/2006</subfield><subfield code="l">POLAR</subfield><subfield code="m">UASCITECH</subfield><subfield code="n">6</subfield><subfield code="p">$150.00</subfield><subfield code="r">Y</subfield><subfield code="s">Y</subfield><subfield code="t">BOOK</subfield><subfield code="u">8/26/1991</subfield></datafield></record>